@online{hlf-doc,
  author  = {Hyperledger Foundation},
  title   = {Hyperledger Fabric},
  year    = 2022,
  url     = {https://hyperledger-fabric.readthedocs.io/ml/latest/whatis.html#:~:text=Fabric%20is%20the,DSL%20is%20needed.}
  }